@article{Shannon:1948:MTC,
	added-at = {2018-06-03T07:16:08.000+0200},
	author = {Shannon, Claude Elwood},
	biburl = {https://www.bibsonomy.org/bibtex/2991e1d12fe529405c363bd2aad283d7b/achakraborty},
	doi = {10.1002/j.1538-7305.1948.tb01338.x},
	interhash = {754130207906fcec16a53d330eeff348},
	intrahash = {991e1d12fe529405c363bd2aad283d7b},
	journal = {The Bell System Technical Journal},
	keywords = {ieee information-theory paper},
	month = {7},
	number = 3,
	pages = {379--423},
	publisher = {Nokia Bell Labs},
	timestamp = {2018-06-03T07:17:55.000+0200},
	title = {A Mathematical Theory of Communication},
	url = {https://ieeexplore.ieee.org/document/6773024/},
	volume = 27,
	year = 1948
}

@incollection{Rumelhart:1986:LIREP,
	author = {Rumelhart, D. E. and Hinton, G. E. and Williams, R. J.},
	chapter = {Learning Internal Representations by Error Propagation},
	title = {Parallel Distributed Processing: Explorations in the Microstructure of Cognition, Vol. 1},
	editor = {Rumelhart, David E. and McClelland, James L. and PDP Research Group, CORPORATE},
	year = {1986},
	isbn = {0-262-68053-X},
	pages = {318--362},
	numpages = {45},
	url = {http://dl.acm.org/citation.cfm?id=104279.104293},
	acmid = {104293},
	publisher = {MIT Press},
	address = {Cambridge, MA, USA},
} 

@article{Blumer:1987:OR,
	author = {Blumer, Alselm and Ehrenfeucht, Andrzej and Haussler, David and Warmuth, Manfred K.},
	title = {Occam's Razor},
	journal = {Inf. Process. Lett.},
	issue_date = {6 April 1987},
	volume = {24},
	number = {6},
	month = apr,
	year = {1987},
	issn = {0020-0190},
	pages = {377--380},
	numpages = {4},
	url = {http://dx.doi.org/10.1016/0020-0190(87)90114-1},
	doi = {10.1016/0020-0190(87)90114-1},
	acmid = {31174},
	publisher = {Elsevier North-Holland, Inc.},
	address = {Amsterdam, The Netherlands, The Netherlands},
}

@article{Blumer:1989:LVCD,
	author = {Blumer, Anselm and Ehrenfeucht, A. and Haussler, David and Warmuth, Manfred K.},
	title = {Learnability and the Vapnik-Chervonenkis Dimension},
	journal = {J. ACM},
	issue_date = {Oct. 1989},
	volume = {36},
	number = {4},
	month = oct,
	year = {1989},
	issn = {0004-5411},
	pages = {929--965},
	numpages = {37},
	url = {http://doi.acm.org/10.1145/76359.76371},
	doi = {10.1145/76359.76371},
	acmid = {76371},
	publisher = {ACM},
	address = {New York, NY, USA},
}

@article{Cybenko:ASSF:1989,
	author = {Cybenko, G.},
	day = 1,
	doi = {10.1007/BF02551274},
	issn = {0932-4194},
	journal = {Mathematics of Control, Signals, and Systems (MCSS)},
	pages = {303--314},
	posted-at = {2012-02-28 13:17:08},
	priority = {2},
	publisher = {Springer London},
	title = {{Approximation by superpositions of a sigmoidal function}},
	url = {http://dx.doi.org/10.1007/BF02551274},
	year = 1989
}

@inproceedings{Denker:1990:TNOLPD,
	author = {Denker, John S. and LeCun, Yann},
	title = {Transforming Neural-net Output Levels to Probability Distributions},
	booktitle = {Proceedings of the 1990 Conference on Advances in Neural Information Processing Systems 3},
	series = {NIPS-3},
	year = {1990},
	isbn = {1-55860-184-8},
	location = {Denver, Colorado, USA},
	pages = {853--859},
	numpages = {7},
	url = {http://dl.acm.org/citation.cfm?id=118850.119959},
	acmid = {119959},
	publisher = {Morgan Kaufmann Publishers Inc.},
	address = {San Francisco, CA, USA},
} 

@MISC{MacKay:1992:BMAM,
	author = {David J. C. MacKay},
	title = {Bayesian Methods for Adaptive Models},
	year = {1992}
}

@article{MacKay:1992:PBFBN,
	author = {MacKay, David J. C.},
	title = {A Practical Bayesian Framework for Backpropagation Networks},
	journal = {Neural Comput.},
	issue_date = {May 1992},
	volume = {4},
	number = {3},
	month = may,
	year = {1992},
	issn = {0899-7667},
	pages = {448--472},
	numpages = {25},
	url = {http://dx.doi.org/10.1162/neco.1992.4.3.448},
	doi = {10.1162/neco.1992.4.3.448},
	acmid = {148165},
	publisher = {MIT Press},
	address = {Cambridge, MA, USA},
} 

@article{Leshno:1993:MFFNWNPA,
	author = {Leshno, Moshe and Lin, Vladimir Ya. and Pinkus, Allan and Schocken, Shimon},
	journal = {Neural Networks},
	pages = {861-867},
	title = {Multilayer feedforward networks with a nonpolynomial activation function can approximate any function.},
	url = {http://dblp.uni-trier.de/db/journals/nn/nn6.html#LeshnoLPS93},
	year = 1993
}

@inproceedings{Hinton:1993:KNNSMDLW,
	author = {Hinton, Geoffrey E. and van Camp, Drew},
	title = {Keeping the Neural Networks Simple by Minimizing the Description Length of the Weights},
	booktitle = {Proceedings of the Sixth Annual Conference on Computational Learning Theory},
	series = {COLT '93},
	year = {1993},
	isbn = {0-89791-611-5},
	location = {Santa Cruz, California, USA},
	pages = {5--13},
	numpages = {9},
	url = {http://doi.acm.org/10.1145/168304.168306},
	doi = {10.1145/168304.168306},
	acmid = {168306},
	publisher = {ACM},
	address = {New York, NY, USA},
} 

@thesis{Neal:1995:BLNN,
	author = {Neal, Radford M.},
	title = {Bayesian Learning for Neural Networks},
	year = {1995},
}

@article{Jordan:1999:IVMGM,
	author = {Jordan, Michael I. and Ghahramani, Zoubin and Jaakkola, Tommi S. and Saul, Lawrence K.},
	title = {An Introduction to Variational Methods for Graphical Models},
	journal = {Mach. Learn.},
	issue_date = {Nov.1.1999},
	volume = {37},
	number = {2},
	month = nov,
	year = {1999},
	issn = {0885-6125},
	pages = {183--233},
	numpages = {51},
	url = {https://doi.org/10.1023/A:1007665907178},
	doi = {10.1023/A:1007665907178},
	acmid = {339252},
	publisher = {Kluwer Academic Publishers},
	address = {Hingham, MA, USA},
	keywords = {Bayesian networks, Boltzmann machines, approximate inference, belief networks, graphical models, hidden Markov models, mean field methods, neural networks, probabilistic inference, variational methods},
} 


@article{Kennedy:2002:BCCM,
    author = {Marc C. Kennedy and Anthony O'Hagan},
	title = {Bayesian Calibration of Computer Models},
	journal = {Journal of the Royal Statistical Society, Series B, Methodological},
	year = {2000},
	volume = {63},
	pages = {425--464}
}

@article{Wilson:2003:GIBTGDL,
	author = {Wilson, D. Randall and Martinez, Tony R.},
	title = {The General Inefficiency of Batch Training for Gradient Descent Learning},
	journal = {Neural Netw.},
	issue_date = {December 2003},
	volume = {16},
	number = {10},
	month = dec,
	year = {2003},
	issn = {0893-6080},
	pages = {1429--1451},
	numpages = {23},
	url = {http://dx.doi.org/10.1016/S0893-6080(03)00138-2},
	doi = {10.1016/S0893-6080(03)00138-2},
	acmid = {965272},
	publisher = {Elsevier Science Ltd.},
	address = {Oxford, UK, UK},
	keywords = {backpropagation, batch training, generalization, gradient descent, learning rate, on-line training, optimization, stochastic approximation},
} 

@INPROCEEDINGS{Gruenwald:2005:TIMDL,
    author = {Peter Grünwald},
	title = {A Tutorial Introduction to the Minimum Description Length Principle},
	booktitle = {Advances in Minimum Description Length: Theory and Applications},
	year = {2005},
	publisher = {MIT Press}
}

@TECHREPORT{Bengio:2005:CDLKM,
       author = {Bengio, Yoshua and Delalleau, Olivier and Le Roux, Nicolas},
	title = {The Curse of Dimensionality for Local Kernel Machines},
	number = {1258},
	year = {2005},
	institution = {D{\'{e}}partement d'informatique et recherche op{\'{e}}rationnelle, Universit{\'{e}} de Montr{\'{e}}al},
	url = {http://www.iro.umontreal.ca/~lisa/pointeurs/tr1258.pdf},
}

@article{Murray:2005:NEBOR,
	title={A note on the evidence and Bayesian Occam's razor},
	author={Iain Murray and Zoubin Ghahramani},
	year={2005}
}

@book{Bishop:2006:PRML,
	author = {Bishop, Christopher M.},
	title = {Pattern Recognition and Machine Learning (Information Science and Statistics)},
	year = {2006},
	isbn = {0387310738},
	publisher = {Springer-Verlag},
	address = {Berlin, Heidelberg},
} 

@book{Elezovic:2007:VSSV,
	title={Vjerojatnost i statistika: {S}lučajne varijable},
	author={Elezović, Neven},
	publisher={Element},
	year={2007},
}

@book{Elezovic:2007:VSMSSP,
	title={Vjerojatnost i statistika: {M}atematička statistika i stohastički procesi},
	author={Elezović, Neven},
	year={2007},
}

@article{Brostow:2008:CamVid,
	author = "Gabriel J. Brostow and Julien Fauqueur and Roberto Cipolla",
	title = "Semantic Object Classes in Video: A High-Definition Ground Truth Database",
	journal = "Pattern Recognition Letters",
	year = "2008"
}

@article{Kiureghian:2009:AEDM,
	title = "Aleatoric or epistemic? {D}oes it matter?",
	keywords = "systems, statistical dependence, ergodicity, probability distribution choice, parameter uncertainty, predictive models, epistemic, uncertainty, time-variant reliability, aleatory",
	author = "{Der Kiureghian}, Armen and Ditlevsen, {Ove Dalager}",
	year = "2009",
	doi = "10.1016/j.strusafe.2008.06.020",
	volume = "31",
	pages = "105--112",
	journal = "Structural Safety",
	issn = "0167-4730",
	publisher = "Elsevier BV",
	number = "2",
}
@TECHREPORT{Krizhevsky:2009:LMLFTI,
	author = {Alex Krizhevsky},
	title = {Learning multiple layers of features from tiny images},
	institution = {},
	year = {2009}
}

@inproceedings{Deng:2009:ILSHID,
	AUTHOR = {Deng, J. and Dong, W. and Socher, R. and Li, L.-J. and Li, K. and Fei-Fei, L.},
	TITLE = {{ImageNet: A Large-Scale Hierarchical Image Database}},
	BOOKTITLE = {CVPR09},
	YEAR = {2009},
	BIBSOURCE = "http://www.image-net.org/papers/imagenet_cvpr09.bib"
}

@article{LeCun:2010:MHDB,
	added-at = {2010-06-28T21:16:30.000+0200},
	author = {LeCun, Yann and Cortes, Corinna},
	biburl = {https://www.bibsonomy.org/bibtex/2935bad99fa1f65e03c25b315aa3c1032/mhwombat},
	groups = {public},
	howpublished = {http://yann.lecun.com/exdb/mnist/},
	interhash = {21b9d0558bd66279df9452562df6e6f3},
	intrahash = {935bad99fa1f65e03c25b315aa3c1032},
	keywords = {MSc _checked character_recognition mnist network neural},
	lastchecked = {2016-01-14 14:24:11},
	timestamp = {2016-07-12T19:25:30.000+0200},
	title = {{MNIST} handwritten digit database},
	url = {http://yann.lecun.com/exdb/mnist/},
	username = {mhwombat},
	year = 2010
}

@InProceedings{Glorot:2010:UDTDFNN,
	title = 	 {Understanding the difficulty of training deep feedforward neural networks},
	author = 	 {Xavier Glorot and Yoshua Bengio},
	booktitle = 	 {Proceedings of the Thirteenth International Conference on Artificial Intelligence and Statistics},
	pages = 	 {249--256},
	year = 	 {2010},
	editor = 	 {Yee Whye Teh and Mike Titterington},
	volume = 	 {9},
	series = 	 {Proceedings of Machine Learning Research},
	address = 	 {Chia Laguna Resort, Sardinia, Italy},
	month = 	 {13--15 May},
	publisher = 	 {PMLR},
	pdf = 	 {http://proceedings.mlr.press/v9/glorot10a/glorot10a.pdf},
	url = 	 {http://proceedings.mlr.press/v9/glorot10a.html},
}

@article{Ratmanner:2011:PTUI,
	author    = {Samuel Rathmanner and Marcus Hutter},
	title     = {A Philosophical Treatise of Universal Induction},
	journal   = {CoRR},
	volume    = {abs/1105.5721},
	year      = {2011},
	url       = {http://arxiv.org/abs/1105.5721},
	archivePrefix = {arXiv},
	eprint    = {1105.5721},
	timestamp = {Wed, 07 Jun 2017 14:42:14 +0200},
}

@inproceedings{Glorot:2011:DSRNN,
	author = {Glorot, Xavier and Bordes, Antoine and Bengio, Yoshua},
	booktitle = {AISTATS},
	editor = {Gordon, Geoffrey J. and Dunson, David B. and Dudík, Miroslav},
	keywords = {Bengio Deep Networks Neural Rectifier Relu Sparse},
	pages = {315-323},
	publisher = {JMLR.org},
	series = {JMLR Proceedings},
	title = {Deep Sparse Rectifier Neural Networks.},
	url = {http://dblp.uni-trier.de/db/journals/jmlr/jmlrp15.html#GlorotBB11},
	volume = 15,
	year = 2011
}

@article{Hinton:2012:NNMLLOMBG,
	title= {Neural Networks for Machine Learning, Lecture 6a: Overview of mini-batch gradient descent},
	author= {Geoffrey Hinton},
	year= {2012},
	url= {http://www.cs.toronto.edu/~tijmen/csc321/slides/lecture_slides_lec6.pdf},
}

@article{Hinton:2012:INNPCAFD,
	author    = {Geoffrey E. Hinton and
	Nitish Srivastava and
	Alex Krizhevsky and
	Ilya Sutskever and
	Ruslan Salakhutdinov},
	title     = {Improving neural networks by preventing co-adaptation of feature detectors},
	journal   = {CoRR},
	volume    = {abs/1207.0580},
	year      = {2012},
	url       = {http://arxiv.org/abs/1207.0580},
	archivePrefix = {arXiv},
	eprint    = {1207.0580},
	timestamp = {Wed, 07 Jun 2017 14:40:12 +0200},
	biburl    = {https://dblp.org/rec/bib/journals/corr/abs-1207-0580},
	bibsource = {dblp computer science bibliography, https://dblp.org}
}

@book{Murphy:2012:MLPP,
	author = {Murphy, Kevin P.},
	title = {Machine Learning: A Probabilistic Perspective},
	year = {2012},
	isbn = {0262018020, 9780262018029},
	publisher = {The MIT Press},
}

@incollection{Krizhevsky:2012:ICDCNN,
	title = {ImageNet Classification with Deep Convolutional Neural Networks},
	author = {Alex Krizhevsky and Sutskever, Ilya and Hinton, Geoffrey E},
	booktitle = {Advances in Neural Information Processing Systems 25},
	editor = {F. Pereira and C. J. C. Burges and L. Bottou and K. Q. Weinberger},
	pages = {1097--1105},
	year = {2012},
	publisher = {Curran Associates, Inc.},
	url = {http://papers.nips.cc/paper/4824-imagenet-classification-with-deep-convolutional-neural-networks.pdf}
}

@article{Sutskever:2013:TRNN,
	author = {Sutskever, Ilya},
	advisor = {Hinton, Geoffrey},
	title = {Training Recurrent Neural Networks},
	year = {2013},
	isbn = {978-0-499-22066-0},
	note = {AAINS22066},
	publisher = {University of Toronto},
	address = {Toronto, Ont., Canada, Canada},
} 

@article{Szegedy:2013:IPNN,
	author    = {Christian Szegedy and
	Wojciech Zaremba and
	Ilya Sutskever and
	Joan Bruna and
	Dumitru Erhan and
	Ian J. Goodfellow and
	Rob Fergus},
	title     = {Intriguing properties of neural networks},
	journal   = {CoRR},
	volume    = {abs/1312.6199},
	year      = {2013},
	url       = {http://arxiv.org/abs/1312.6199},
	archivePrefix = {arXiv},
	eprint    = {1312.6199},
	timestamp = {Wed, 07 Jun 2017 14:41:52 +0200},
}

@article{Sharan:2014:EPDL,
	author    = {Sharan Chetlur and
	Cliff Woolley and
	Philippe Vandermersch and
	Jonathan Cohen and
	John Tran and
	Bryan Catanzaro and
	Evan Shelhamer},
	title     = {cuDNN: Efficient Primitives for Deep Learning},
	journal   = {CoRR},
	volume    = {abs/1410.0759},
	year      = {2014},
	url       = {http://arxiv.org/abs/1410.0759},
	archivePrefix = {arXiv},
	eprint    = {1410.0759},
	timestamp = {Wed, 07 Jun 2017 14:40:09 +0200},
	biburl    = {http://dblp.org/rec/bib/journals/corr/ChetlurWVCTCS14},
	bibsource = {dblp computer science bibliography, http://dblp.org}
}

@article{Srivastava:2014:DASWPNNO,
	author  = {Nitish Srivastava and Geoffrey Hinton and Alex Krizhevsky and Ilya Sutskever and Ruslan Salakhutdinov},
	title   = {Dropout: A Simple Way to Prevent Neural Networks from Overfitting},
	journal = {Journal of Machine Learning Research},
	year    = {2014},
	volume  = {15},
	pages   = {1929-1958},
	url     = {http://jmlr.org/papers/v15/srivastava14a.html}
}

@Article{Simonyan:2014:VDCNLSIR,
	author       = "Simonyan, K. and Zisserman, A.",
	title        = "Very Deep Convolutional Networks for Large-Scale Image Recognition",
	journal      = "CoRR",
	volume       = "abs/1409.1556",
	year         = "2014"
}

@article{Goodfellow:2014:EHAE,
	author    = {Ian J. Goodfellow and
	Jonathon Shlens and
	Christian Szegedy},
	title     = {Explaining and Harnessing Adversarial Examples},
	journal   = {CoRR},
	volume    = {abs/1412.6572},
	year      = {2014},
	url       = {http://arxiv.org/abs/1412.6572},
	archivePrefix = {arXiv},
	eprint    = {1412.6572},
	timestamp = {Wed, 07 Jun 2017 14:40:25 +0200},
}

@inproceedings{Goodfellow:2014:GAN,
	author = {Goodfellow, Ian J. and Pouget-Abadie, Jean and Mirza, Mehdi and Xu, Bing and Warde-Farley, David and Ozair, Sherjil and Courville, Aaron and Bengio, Yoshua},
	title = {Generative Adversarial Nets},
	booktitle = {Proceedings of the 27th International Conference on Neural Information Processing Systems - Volume 2},
	series = {NIPS'14},
	year = {2014},
	location = {Montreal, Canada},
	pages = {2672--2680},
	numpages = {9},
	url = {http://dl.acm.org/citation.cfm?id=2969033.2969125},
	acmid = {2969125},
	publisher = {MIT Press},
	address = {Cambridge, MA, USA},
} 

@inproceedings{Nguyen:2015:DNNEFHCPUI,
	added-at = {2016-04-28T00:00:00.000+0200},
	author = {Nguyen, Anh Mai and Yosinski, Jason and Clune, Jeff},
	biburl = {https://www.bibsonomy.org/bibtex/26672da9a292a16afa346ca2d8e3c181a/dblp},
	booktitle = {CVPR},
	ee = {http://doi.ieeecomputersociety.org/10.1109/CVPR.2015.7298640},
	interhash = {c8af26890ac9aa947cf1485879db901f},
	intrahash = {6672da9a292a16afa346ca2d8e3c181a},
	isbn = {978-1-4673-6964-0},
	keywords = {dblp},
	pages = {427-436},
	publisher = {IEEE Computer Society},
	timestamp = {2016-04-29T11:54:14.000+0200},
	title = {Deep neural networks are easily fooled: High confidence predictions for unrecognizable images.},
	url = {http://dblp.uni-trier.de/db/conf/cvpr/cvpr2015.html#NguyenYC15},
	year = 2015
}

@book{Alpaydin:2014:IML,
	author = {Alpaydin, Ethem},
	title = {Introduction to Machine Learning},
	year = {2010},
	isbn = {026201243X, 9780262012430},
	edition = {2nd},
	publisher = {The MIT Press},
} 

@book{Snajder:2014:SU,
	author = {Šnajder, Jan and {Dalbelo~Bašić}, Bojana},
	title = {Strojno učenje},
	year = {2014},
}

@book{Nesterov:2014:ILCOBC,
	author = {Nesterov, Yurii},
	title = {Introductory Lectures on Convex Optimization: A Basic Course},
	year = {2014},
} 

@article{Kingma:2014:AMSO,
	author    = {Diederik P. Kingma and
	Jimmy Ba},
	title     = {Adam: {A} Method for Stochastic Optimization},
	journal   = {CoRR},
	volume    = {abs/1412.6980},
	year      = {2014},
	url       = {http://arxiv.org/abs/1412.6980},
	archivePrefix = {arXiv},
	eprint    = {1412.6980},
}

@inproceedings{Ganin:2015:UDAB,
 author = {Ganin, Yaroslav and Lempitsky, Victor},
 title = {Unsupervised Domain Adaptation by Backpropagation},
 booktitle = {Proceedings of the 32Nd International Conference on International Conference on Machine Learning - Volume 37},
 series = {ICML'15},
 year = {2015},
 location = {Lille, France},
 pages = {1180--1189},
 numpages = {10},
 url = {http://dl.acm.org/citation.cfm?id=3045118.3045244},
 acmid = {3045244},
 publisher = {JMLR.org},
} 


@article{LeCun:2015:DL,
	author    = {Yann LeCun and
	Yoshua Bengio and
	Geoffrey E. Hinton},
	title     = {Deep learning},
	journal   = {Nature},
	volume    = {521},
	number    = {7553},
	pages     = {436--444},
	year      = {2015},
	url       = {https://doi.org/10.1038/nature14539},
	doi       = {10.1038/nature14539},
	timestamp = {Sat, 20 May 2017 01:00:00 +0200},
	biburl    = {https://dblp.org/rec/bib/journals/nature/LeCunBH15},
	bibsource = {dblp computer science bibliography, https://dblp.org}
}

@online{Olah:2015:CCGB,
	author = {Christopher Olah},
	title = {Calculus on Computational Graphs: Backpropagation},
	year = 2015,
	url = {http://colah.github.io/posts/2015-08-Backprop/},
}

@online{Olah:2015:VIT,
	author = {Christopher Olah},
	title = {Visual Information Theory},
	year = 2015,
	url = {http://colah.github.io/posts/2015-09-Visual-Information/},
}

@misc{Jeren:2015:SISC55,
	title = {Signali i sustavi: Cjelina 5},
	author = {Jeren, Branko},
	year = {2015},
	url = {http://www.fer.unizg.hr/predmet/sis2}
}

@article{Ioffe:2015:BNADNTRUCS,
	author    = {Sergey Ioffe and
	Christian Szegedy},
	title     = {Batch Normalization: Accelerating Deep Network Training by Reducing
	Internal Covariate Shift},
	journal   = {CoRR},
	volume    = {abs/1502.03167},
	year      = {2015},
	url       = {http://arxiv.org/abs/1502.03167},
	archivePrefix = {arXiv},
	eprint    = {1502.03167},
	timestamp = {Wed, 07 Jun 2017 14:40:49 +0200},
	biburl    = {https://dblp.org/rec/bib/journals/corr/IoffeS15},
	bibsource = {dblp computer science bibliography, https://dblp.org}
}

@article{He:2015:DRLIR,
	author    = {Kaiming He and
	Xiangyu Zhang and
	Shaoqing Ren and
	Jian Sun},
	title     = {Deep Residual Learning for Image Recognition},
	journal   = {CoRR},
	volume    = {abs/1512.03385},
	year      = {2015},
	url       = {http://arxiv.org/abs/1512.03385},
	archivePrefix = {arXiv},
	eprint    = {1512.03385},
	timestamp = {Wed, 07 Jun 2017 14:41:17 +0200},
	biburl    = {https://dblp.org/rec/bib/journals/corr/HeZRS15},
	bibsource = {dblp computer science bibliography, https://dblp.org}
}

@article{Xu:2015:TCSWBET,
	author    = {Pingmei Xu and
	Krista A. Ehinger and
	Yinda Zhang and
	Adam Finkelstein and
	Sanjeev R. Kulkarni and
	Jianxiong Xiao},
	title     = {TurkerGaze: Crowdsourcing Saliency with Webcam based Eye Tracking},
	journal   = {CoRR},
	volume    = {abs/1504.06755},
	year      = {2015},
	url       = {http://arxiv.org/abs/1504.06755},
	archivePrefix = {arXiv},
	eprint    = {1504.06755},
	timestamp = {Wed, 07 Jun 2017 14:42:00 +0200},
	biburl    = {https://dblp.org/rec/bib/journals/corr/XuEZFKX15},
	bibsource = {dblp computer science bibliography, https://dblp.org}
}

@inproceedings{Liu:2015:DLFAW,
	author = {Ziwei Liu and Ping Luo and Xiaogang Wang and Xiaoou Tang},
	title = {Deep Learning Face Attributes in the Wild},
	booktitle = {Proceedings of International Conference on Computer Vision (ICCV)},
	month = December,
	year = {2015} 
}


@article{Miyato:2015:DSVAE,
	author    = {Takeru Miyato and
	Shin{-}ichi Maeda and
	Masanori Koyama and
	Ken Nakae and
	Shin Ishii},
	title     = {Distributional Smoothing by Virtual Adversarial Examples},
	journal   = {CoRR},
	volume    = {abs/1507.00677},
	year      = {2015},
	url       = {http://arxiv.org/abs/1507.00677},
	archivePrefix = {arXiv},
	eprint    = {1507.00677},
	timestamp = {Wed, 07 Jun 2017 01:00:00 +0200},
	biburl    = {https://dblp.org/rec/bib/journals/corr/MiyatoMKNI15},
	bibsource = {dblp computer science bibliography, https://dblp.org}
}

@inproceedings{Gal:2015:DBA,
	author    = {Yarin Gal and
	Zoubin Ghahramani},
	title     = {Dropout as a Bayesian Approximation: {R}epresenting Model Uncertainty	in Deep Learning},
	journal   = {CoRR},
	volume    = {abs/1506.02142},
	year      = {2015},
	url       = {http://arxiv.org/abs/1506.02142},
	archivePrefix = {arXiv},
	eprint    = {1506.02142},
	timestamp = {Wed, 07 Jun 2017 14:42:05 +0200},
	biburl    = {https://dblp.org/rec/bib/journals/corr/GalG15},
	bibsource = {dblp computer science bibliography, https://dblp.org}
}

@article{Gal:2015:DBAA,
	title = {Dropout as a Bayesian Approximation: {A}ppendix},
	shorttitle = {Dropout as a Bayesian Approximation},
	url = {https://arxiv.org/abs/1506.02157},
	author = {Gal, Yarin and Ghahramani, Zoubin},
	year = {2015},
}

@inproceedings{Blundell:2015:WUNN,
	author = {Blundell, Charles and Cornebise, Julien and Kavukcuoglu, Koray and Wierstra, Daan},
	title = {Weight Uncertainty in Neural Networks},
	booktitle = {Proceedings of the 32Nd International Conference on International Conference on Machine Learning - Volume 37},
	series = {ICML'15},
	year = {2015},
	location = {Lille, France},
	pages = {1613--1622},
	numpages = {10},
	url = {http://dl.acm.org/citation.cfm?id=3045118.3045290},
	acmid = {3045290},
	publisher = {JMLR.org},
}

@inproceedings{Hernandez-Lobato:2015:PBSLBNN,
	author = {Hern\'{a}ndez-Lobato, Jos{\'e} Miguel and Adams, Ryan P.},
	title = {Probabilistic Backpropagation for Scalable Learning of Bayesian Neural Networks},
	booktitle = {Proceedings of the 32Nd International Conference on International Conference on Machine Learning - Volume 37},
	series = {ICML'15},
	year = {2015},
	location = {Lille, France},
	pages = {1861--1869},
	numpages = {9},
	url = {http://dl.acm.org/citation.cfm?id=3045118.3045316},
	acmid = {3045316},
	publisher = {JMLR.org},
} 

@article{Yu:2015:LSUN,
	added-at = {2015-07-01T00:00:00.000+0200},
	author = {Yu, Fisher and Zhang, Yinda and Song, Shuran and Seff, Ari and Xiao, Jianxiong},
	biburl = {https://www.bibsonomy.org/bibtex/2446d4ffb99a5d7d2ab6e5417a12e195f/dblp},
	ee = {http://arxiv.org/abs/1506.03365},
	interhash = {3e9306c4ce2ead125f3b2ab0e25adc85},
	intrahash = {446d4ffb99a5d7d2ab6e5417a12e195f},
	journal = {CoRR},
	keywords = {dblp},
	timestamp = {2015-07-02T11:34:32.000+0200},
	title = {LSUN: Construction of a Large-scale Image Dataset using Deep Learning with Humans in the Loop.},
	url = {http://dblp.uni-trier.de/db/journals/corr/corr1506.html#YuZSSX15},
	volume = {abs/1506.03365},
	year = 2015
}

@article{He:2016:IMDRL,
	author    = {Kaiming He and
	Xiangyu Zhang and
	Shaoqing Ren and
	Jian Sun},
	title     = {Identity Mappings in Deep Residual Networks},
	journal   = {CoRR},
	volume    = {abs/1603.05027},
	year      = {2016},
	url       = {http://arxiv.org/abs/1603.05027},
	archivePrefix = {arXiv},
	eprint    = {1603.05027},
	timestamp = {Wed, 07 Jun 2017 14:40:35 +0200},
	biburl    = {https://dblp.org/rec/bib/journals/corr/HeZR016},
	bibsource = {dblp computer science bibliography, https://dblp.org}
}

@article{Zagoruyko:2016:WRN,
	author    = {Sergey Zagoruyko and
	Nikos Komodakis},
	title     = {Wide Residual Networks},
	journal   = {CoRR},
	volume    = {abs/1605.07146},
	year      = {2016},
	url       = {http://arxiv.org/abs/1605.07146},
	archivePrefix = {arXiv},
	eprint    = {1605.07146},
	timestamp = {Wed, 07 Jun 2017 14:41:15 +0200},
	biburl    = {https://dblp.org/rec/bib/journals/corr/ZagoruykoK16},
	bibsource = {dblp computer science bibliography, https://dblp.org}
}

@article{Huang:2016:DCCN,
	author    = {Gao Huang and
	Zhuang Liu and
	Kilian Q. Weinberger},
	title     = {Densely Connected Convolutional Networks},
	journal   = {CoRR},
	volume    = {abs/1608.06993},
	year      = {2016},
	url       = {http://arxiv.org/abs/1608.06993},
	archivePrefix = {arXiv},
	eprint    = {1608.06993},
	timestamp = {Wed, 07 Jun 2017 14:42:40 +0200},
	biburl    = {https://dblp.org/rec/bib/journals/corr/HuangLW16a},
	bibsource = {dblp computer science bibliography, https://dblp.org}
}

@misc{Dumoulin:2016:GCADL,
	author = {Dumoulin, Vincent and Visin, Francesco},
	description = {[1603.07285] A guide to convolution arithmetic for deep learning},
	title = {A guide to convolution arithmetic for deep learning},
	url = {http://arxiv.org/abs/1603.07285},
	year = 2016
}

@book{Goodfellow:2016:DL,
	title={Deep Learning},
	author={Ian Goodfellow and Yoshua Bengio and Aaron Courville},
	publisher={MIT Press},
	note={\url{http://www.deeplearningbook.org}},
	year={2016}
}

@article{Hendrycks:2016:BDMOODE,
	author    = {Dan Hendrycks and
	Kevin Gimpel},
	title     = {A Baseline for Detecting Misclassified and Out-of-Distribution Examples
	in Neural Networks},
	journal   = {CoRR},
	volume    = {abs/1610.02136},
	year      = {2016},
	url       = {http://arxiv.org/abs/1610.02136},
	archivePrefix = {arXiv},
	eprint    = {1610.02136},
	timestamp = {Wed, 07 Jun 2017 14:40:14 +0200},
	biburl    = {https://dblp.org/rec/bib/journals/corr/HendrycksG16c},
	bibsource = {dblp computer science bibliography, https://dblp.org}
}

@inproceedings{Moosavi-Dezfooli:2016:DFSAMFDNN,
  author    = {Seyed{-}Mohsen Moosavi{-}Dezfooli and
               Alhussein Fawzi and
               Pascal Frossard},
  title     = {DeepFool: {A} Simple and Accurate Method to Fool Deep Neural Networks},
  booktitle = {{CVPR}},
  pages     = {2574--2582},
  publisher = {{IEEE} Computer Society},
  year      = {2016}
}

@article{Moosavi-Dezfooli:2016:UAP,
	author    = {Seyed{-}Mohsen Moosavi{-}Dezfooli and
	Alhussein Fawzi and
	Omar Fawzi and
	Pascal Frossard},
	title     = {Universal adversarial perturbations},
	journal   = {CoRR},
	volume    = {abs/1610.08401},
	year      = {2016},
	url       = {http://arxiv.org/abs/1610.08401},
	archivePrefix = {arXiv},
	eprint    = {1610.08401},
	timestamp = {Wed, 07 Jun 2017 14:43:13 +0200},
	biburl    = {https://dblp.org/rec/bib/journals/corr/Moosavi-Dezfooli16},
	bibsource = {dblp computer science bibliography, https://dblp.org}
}

@misc{Ruder:2016:OGDOA,
	author = {Ruder, Sebastian},
	description = {[1609.04747] An overview of gradient descent optimization algorithms},
	note = {cite arxiv:1609.04747Comment: 12 pages, 6 figures},
	title = {An overview of gradient descent optimization algorithms},
	url = {http://arxiv.org/abs/1609.04747},
	year = 2016
}

@article{Xiao:2016:SUN,
	author = {Xiao, Jianxiong and Ehinger, Krista A. and Hays, James and Torralba, Antonio and Oliva, Aude},
	title = {SUN Database: Exploring a Large Collection of Scene Categories},
	journal = {Int. J. Comput. Vision},
	issue_date = {August    2016},
	volume = {119},
	number = {1},
	month = aug,
	year = {2016},
	issn = {0920-5691},
	pages = {3--22},
	numpages = {20},
	url = {http://dx.doi.org/10.1007/s11263-014-0748-y},
	doi = {10.1007/s11263-014-0748-y},
	acmid = {2963064},
	publisher = {Kluwer Academic Publishers},
	address = {Hingham, MA, USA},
	keywords = {Scene and object, Scene descriptor, Scene detection, Scene recognition, Scene typicality, Visual context},
} 

@PhdThesis{Gal:2016:UDL,
	title={Uncertainty in Deep Learning},
	author={Gal, Yarin},
	year={2016},
	school={University of Cambridge}
}

@inproceedings{Gal:2016:BCNNBAVI,
	author    = {Yarin Gal and
	Zoubin Ghahramani},
	title     = {Bayesian Convolutional Neural Networks with Bernoulli Approximate
	Variational Inference},
	journal   = {CoRR},
	volume    = {abs/1506.02158},
	year      = {2015},
	url       = {http://arxiv.org/abs/1506.02158},
	archivePrefix = {arXiv},
	eprint    = {1506.02158},
	timestamp = {Wed, 07 Jun 2017 01:00:00 +0200},
	biburl    = {https://dblp.org/rec/bib/journals/corr/GalG15a},
	bibsource = {dblp computer science bibliography, https://dblp.org}
}

@article{Liu:2016:DITAEBBA,
	author    = {Yanpei Liu and
	Xinyun Chen and
	Chang Liu and
	Dawn Song},
	title     = {Delving into Transferable Adversarial Examples and Black-box Attacks},
	journal   = {CoRR},
	volume    = {abs/1611.02770},
	year      = {2016},
	url       = {http://arxiv.org/abs/1611.02770},
	archivePrefix = {arXiv},
	eprint    = {1611.02770},
	timestamp = {Wed, 07 Jun 2017 14:42:16 +0200},
	biburl    = {https://dblp.org/rec/bib/journals/corr/LiuCLS16},
	bibsource = {dblp computer science bibliography, https://dblp.org}
}

@article{Kurakin:2016:AMLS,
	author    = {Alexey Kurakin and
	Ian J. Goodfellow and
	Samy Bengio},
	title     = {Adversarial Machine Learning at Scale},
	journal   = {CoRR},
	volume    = {abs/1611.01236},
	year      = {2016},
	url       = {http://arxiv.org/abs/1611.01236},
	archivePrefix = {arXiv},
	eprint    = {1611.01236},
	timestamp = {Wed, 07 Jun 2017 14:40:08 +0200},
	biburl    = {https://dblp.org/rec/bib/journals/corr/KurakinGB16a},
	bibsource = {dblp computer science bibliography, https://dblp.org}
}

@article{Tanay:2016:ABTPPAE,
	author    = {Thomas Tanay and
	Lewis D. Griffin},
	title     = {A Boundary Tilting Persepective on the Phenomenon of Adversarial Examples},
	journal   = {CoRR},
	volume    = {abs/1608.07690},
	year      = {2016},
	url       = {http://arxiv.org/abs/1608.07690},
	archivePrefix = {arXiv},
	eprint    = {1608.07690},
	timestamp = {Mon, 13 Aug 2018 16:47:37 +0200},
	biburl    = {https://dblp.org/rec/bib/journals/corr/TanayG16},
	bibsource = {dblp computer science bibliography, https://dblp.org}
}

@inproceedings{Cordts:2016:Cityscapes,
	title={The Cityscapes Dataset for Semantic Urban Scene Understanding},
	author={Cordts, Marius and Omran, Mohamed and Ramos, Sebastian and Rehfeld, Timo and Enzweiler, Markus and Benenson, Rodrigo and Franke, Uwe and Roth, Stefan and Schiele, Bernt},
	booktitle={Proc. of the IEEE Conference on Computer Vision and Pattern Recognition (CVPR)},
	year={2016}
}

@InProceedings{2016:Luizos:SEVDLMGP,
	title = 	 {Structured and Efficient Variational Deep Learning with Matrix Gaussian Posteriors},
	author = 	 {Christos Louizos and Max Welling},
	booktitle = 	 {Proceedings of The 33rd International Conference on Machine Learning},
	pages = 	 {1708--1716},
	year = 	 {2016},
	editor = 	 {Maria Florina Balcan and Kilian Q. Weinberger},
	volume = 	 {48},
	series = 	 {Proceedings of Machine Learning Research},
	address = 	 {New York, New York, USA},
	month = 	 {20--22 Jun},
	publisher = 	 {PMLR},
	pdf = 	 {http://proceedings.mlr.press/v48/louizos16.pdf},
	url = 	 {http://proceedings.mlr.press/v48/louizos16.html},
}

@article{Papernot:2016:TMLPBBAAS,
	added-at = {2016-11-17T00:00:00.000+0100},
	author = {Papernot, Nicolas and McDaniel, Patrick D. and Goodfellow, Ian J.},
	biburl = {https://www.bibsonomy.org/bibtex/2ff60c031c6a1d207e6ad668bc6035202/dblp},
	ee = {http://arxiv.org/abs/1605.07277},
	interhash = {41a38aa24dba894a5dd1bce4619289d3},
	intrahash = {ff60c031c6a1d207e6ad668bc6035202},
	journal = {CoRR},
	keywords = {dblp},
	timestamp = {2016-11-19T11:34:15.000+0100},
	title = {Transferability in Machine Learning: from Phenomena to Black-Box Attacks using Adversarial Samples.},
	url = {http://dblp.uni-trier.de/db/journals/corr/corr1605.html#PapernotMG16},
	volume = {abs/1605.07277},
	year = 2016
}

@inproceedings{Liu:2016:DTAEBBA,
	author    = {Yanpei Liu and
	Xinyun Chen and
	Chang Liu and
	Dawn Song},
	title     = {Delving into Transferable Adversarial Examples and Black-box Attacks},
	booktitle = {5th International Conference on Learning Representations, {ICLR} 2017,
	Toulon, France, April 24-26, 2017, Conference Track Proceedings},
	year      = {2017},
	crossref  = {DBLP:conf/iclr/2017},
	url       = {https://openreview.net/forum?id=Sys6GJqxl},
	timestamp = {Thu, 04 Apr 2019 13:20:07 +0200},
	biburl    = {https://dblp.org/rec/bib/conf/iclr/LiuCLS17},
	bibsource = {dblp computer science bibliography, https://dblp.org}
}

@inproceedings{Tabacof:2016:ESAI,
	author    = {Pedro Tabacof and
	Eduardo Valle},
	title     = {Exploring the space of adversarial images},
	booktitle = {2016 International Joint Conference on Neural Networks, {IJCNN} 2016,
	Vancouver, BC, Canada, July 24-29, 2016},
	pages     = {426--433},
	year      = {2016},
	crossref  = {DBLP:conf/ijcnn/2016},
	url       = {https://doi.org/10.1109/IJCNN.2016.7727230},
	doi       = {10.1109/IJCNN.2016.7727230},
	timestamp = {Fri, 26 May 2017 00:50:13 +0200},
	biburl    = {https://dblp.org/rec/bib/conf/ijcnn/TabacofV16},
	bibsource = {dblp computer science bibliography, https://dblp.org}
}

@article{Kurakin:2016:AEPW,
	author    = {Alexey Kurakin and
	Ian J. Goodfellow and
	Samy Bengio},
	title     = {Adversarial examples in the physical world},
	journal   = {CoRR},
	volume    = {abs/1607.02533},
	year      = {2016},
	url       = {http://arxiv.org/abs/1607.02533},
	archivePrefix = {arXiv},
	eprint    = {1607.02533},
	timestamp = {Mon, 13 Aug 2018 16:48:46 +0200},
	biburl    = {https://dblp.org/rec/bib/journals/corr/KurakinGB16},
	bibsource = {dblp computer science bibliography, https://dblp.org}
}


@article{Blei:2017:VIRS,
	title = {Variational Inference: {A} Review for Statisticians},
	shorttitle = {Variational Inference},
	url = {http://arxiv.org/abs/1601.00670},
	journal = {Journal of the American Statistical Association},
	author = {Blei, David M. and Kucukelbir, Alp and McAuliffe, Jon D.},
	year = {2017}
}

@article{Tramer:2017:STAE,
	author    = {Florian Tram{\`{e}}r and
	Nicolas Papernot and
	Ian J. Goodfellow and
	Dan Boneh and
	Patrick D. McDaniel},
	title     = {The Space of Transferable Adversarial Examples},
	journal   = {CoRR},
	volume    = {abs/1704.03453},
	year      = {2017},
	url       = {http://arxiv.org/abs/1704.03453},
	archivePrefix = {arXiv},
	eprint    = {1704.03453},
	timestamp = {Mon, 13 Aug 2018 16:47:25 +0200},
	biburl    = {https://dblp.org/rec/bib/journals/corr/TramerPGBM17},
	bibsource = {dblp computer science bibliography, https://dblp.org}
}


@note{Yang:2017:UVLB,
	title = {Understanding the Variational Lower Bound},
	author = {Yang, Xitong},
	year = {2017},
	url = {http://legacydirs.umiacs.umd.edu/~xyang35/files/understanding-variational-lower.pdf}
}

@note{Snajder:2017:SULR2,
	title = {Strojno učenje: 7. Logistička regresija II},
	author = {Šnajder, Jan},
	year = {2017},
	url = {http://www.fer.unizg.hr/_download/repository/SU-2017-07-LogistickaRegresija2.pdf}
}

@article{Madry:2017:TDLMRAA,
	author    = {Aleksander Madry and
	Aleksandar Makelov and
	Ludwig Schmidt and
	Dimitris Tsipras and
	Adrian Vladu},
	title     = {Towards Deep Learning Models Resistant to Adversarial Attacks},
	journal   = {CoRR},
	volume    = {abs/1706.06083},
	year      = {2017},
	url       = {http://arxiv.org/abs/1706.06083},
	archivePrefix = {arXiv},
	eprint    = {1706.06083},
	timestamp = {Mon, 03 Jul 2017 01:00:00 +0200},
}

@article{GOH:2017:WMRW,
	author = {Goh, Gabriel},
	title = {Why Momentum Really Works},
	journal = {Distill},
	year = {2017},
	url = {http://distill.pub/2017/momentum},
	doi = {10.23915/distill.00006}
}

@article{Twan:2017:LRBWN,
	author    = {Twan van Laarhoven},
	title     = {{L2} Regularization versus Batch and Weight Normalization},
	journal   = {CoRR},
	volume    = {abs/1706.05350},
	year      = {2017},
	url       = {http://arxiv.org/abs/1706.05350},
	archivePrefix = {arXiv},
	eprint    = {1706.05350},
	timestamp = {Mon, 03 Jul 2017 13:29:02 +0200},
	biburl    = {https://dblp.org/rec/bib/journals/corr/Laarhoven17b},
	bibsource = {dblp computer science bibliography, https://dblp.org}
}

@article{Guo:2017:CMNN,
	author    = {Chuan Guo and
	Geoff Pleiss and
	Yu Sun and
	Kilian Q. Weinberger},
	title     = {On Calibration of Modern Neural Networks},
	journal   = {CoRR},
	volume    = {abs/1706.04599},
	year      = {2017},
	url       = {http://arxiv.org/abs/1706.04599},
	archivePrefix = {arXiv},
	eprint    = {1706.04599},
	timestamp = {Mon, 03 Jul 2017 13:29:02 +0200},
	biburl    = {https://dblp.org/rec/bib/journals/corr/GuoPSW17},
	bibsource = {dblp computer science bibliography, https://dblp.org}
}

@misc{Howard:2017:MECNNMVA,
	author = {Howard, Andrew G. and Zhu, Menglong and Chen, Bo and Kalenichenko, Dmitry and Wang, Weijun and Weyand, Tobias and Andreetto, Marco and Adam, Hartwig},
	biburl = {https://www.bibsonomy.org/bibtex/2c5c68e31f5b5dea865fb7feacc5757c2/slicside},
	interhash = {962bc072d9243f18fac8a2ef7663970b},
	intrahash = {c5c68e31f5b5dea865fb7feacc5757c2},
	keywords = {ba-2018-hahnrico},
	timestamp = {2018-11-05T14:55:07.000+0100},
	title = {MobileNets: Efficient Convolutional Neural Networks for Mobile Vision
	Applications},
	url = {http://arxiv.org/abs/1704.04861},
	year = 2017
}



@article{Liang:2017:PDOODENN,
	author    = {Shiyu Liang and
	Yixuan Li and
	R. Srikant},
	title     = {Principled Detection of Out-of-Distribution Examples in Neural Networks},
	journal   = {CoRR},
	volume    = {abs/1706.02690},
	year      = {2017},
	url       = {http://arxiv.org/abs/1706.02690},
	archivePrefix = {arXiv},
	eprint    = {1706.02690},
	timestamp = {Mon, 03 Jul 2017 13:29:02 +0200},
	biburl    = {https://dblp.org/rec/bib/journals/corr/LiangLS17},
	bibsource = {dblp computer science bibliography, https://dblp.org}
}

@article{Kendall:2017:WUNBDLCV,
	author    = {Alex Kendall and
	Yarin Gal},
	title     = {What Uncertainties Do We Need in Bayesian Deep Learning for Computer
	Vision?},
	journal   = {CoRR},
	volume    = {abs/1703.04977},
	year      = {2017},
	url       = {http://arxiv.org/abs/1703.04977},
	archivePrefix = {arXiv},
	eprint    = {1703.04977},
	timestamp = {Wed, 07 Jun 2017 14:41:04 +0200},
	biburl    = {https://dblp.org/rec/bib/journals/corr/KendallG17},
	bibsource = {dblp computer science bibliography, https://dblp.org}
}

@article{Rawat:2017:APEBDL,
	title={Adversarial Phenomenon in the Eyes of Bayesian Deep Learning},
	author={Rawat, Ambrish and Wistuba, Martin and Nicolae, Maria-Irina},
	journal={arXiv preprint arXiv:1711.08244},
	year={2017},
	url={https://arxiv.org/abs/1711.08244},
}

@online{Xiao:2017:FMNIDBMLA,
	author       = {Han Xiao and Kashif Rasul and Roland Vollgraf},
	title        = {Fashion-MNIST: a Novel Image Dataset for Benchmarking Machine Learning Algorithms},
	date         = {2017-08-28},
	year         = {2017},
	eprintclass  = {cs.LG},
	eprinttype   = {arXiv},
	eprint       = {cs.LG/1708.07747},
}

@InProceedings{Kreso:2017:LSDFSSLNI,
	author = {Krešo, Ivan and Šegvic, Siniša and Krapac, Josip},
	title = {Ladder-Style DenseNets for Semantic Segmentation of Large Natural Images},
	booktitle = {The IEEE International Conference on Computer Vision (ICCV) Workshops},
	month = {Oct},
	year = {2017}
}

@article{Miyato:2017:VATRMSSSL,
	author    = {Takeru Miyato and
	Shin{-}ichi Maeda and
	Masanori Koyama and
	Shin Ishii},
	title     = {Virtual Adversarial Training: a Regularization Method for Supervised
	and Semi-supervised Learning},
	journal   = {CoRR},
	volume    = {abs/1704.03976},
	year      = {2017},
	url       = {http://arxiv.org/abs/1704.03976},
	archivePrefix = {arXiv},
	eprint    = {1704.03976},
	timestamp = {Wed, 07 Jun 2017 01:00:00 +0200},
	biburl    = {https://dblp.org/rec/bib/journals/corr/MiyatoMKI17},
	bibsource = {dblp computer science bibliography, https://dblp.org}
}

@article{Lee:2017:TCCCDOOD,
  author    = {Kimin Lee and
               Honglak Lee and
               Kibok Lee and
               Jinwoo Shin},
  title     = {Training Confidence-calibrated Classifiers for Detecting Out-of-Distribution
               Samples},
  journal   = {CoRR},
  volume    = {abs/1711.09325},
  year      = {2017}
}

@article{Cohen:2017:EMNIST,
	title={EMNIST: an extension of MNIST to handwritten letters},
	author={Cohen, Gregory and Afshar, Saeed and Tapson, Jonathan and van Schaik, Andr{\'e}},
	journal={arXiv preprint arXiv:1702.05373},
	year={2017}
}

@inproceedings{Cisse:2017:PNIRAE,
	author    = {Moustapha Ciss{\'{e}} and
	Piotr Bojanowski and
	Edouard Grave and
	Yann Dauphin and
	Nicolas Usunier},
	editor    = {Doina Precup and
	Yee Whye Teh},
	title     = {Parseval Networks: Improving Robustness to Adversarial Examples},
	booktitle = {Proceedings of the 34th International Conference on Machine Learning,
	{ICML} 2017, Sydney, NSW, Australia, 6-11 August 2017},
	series    = {Proceedings of Machine Learning Research},
	volume    = {70},
	pages     = {854--863},
	publisher = {{PMLR}},
	year      = {2017},
	url       = {http://proceedings.mlr.press/v70/cisse17a.html},
	timestamp = {Wed, 29 May 2019 08:41:45 +0200},
	biburl    = {https://dblp.org/rec/bib/conf/icml/CisseBGDU17},
	bibsource = {dblp computer science bibliography, https://dblp.org}
}

@article{Engstrom:2017:RTSFCST,
  author    = {Logan Engstrom and
               Dimitris Tsipras and
               Ludwig Schmidt and
               Aleksander Madry},
  title     = {A Rotation and a Translation Suffice: Fooling CNNs with Simple Transformations},
  journal   = {CoRR},
  volume    = {abs/1712.02779},
  year      = {2017},
  url       = {http://arxiv.org/abs/1712.02779},
  archivePrefix = {arXiv},
  eprint    = {1712.02779},
  timestamp = {Mon, 13 Aug 2018 01:00:00 +0200},
  biburl    = {https://dblp.org/rec/bib/journals/corr/abs-1712-02779},
  bibsource = {dblp computer science bibliography, https://dblp.org}
}

@inproceedings{Carlini:2017:TERNN,
  author    = {Nicholas Carlini and
               David A. Wagner},
  title     = {Towards Evaluating the Robustness of Neural Networks},
  booktitle = {2017 {IEEE} Symposium on Security and Privacy, {SP} 2017, San Jose,
               CA, USA, May 22-26, 2017},
  pages     = {39--57},
  year      = {2017},
  url       = {https://doi.org/10.1109/SP.2017.49},
  doi       = {10.1109/SP.2017.49},
  timestamp = {Thu, 14 Feb 2019 00:00:00 +0100},
  biburl    = {https://dblp.org/rec/bib/conf/sp/Carlini017},
  bibsource = {dblp computer science bibliography, https://dblp.org}
}

@article{Su:2017:OPAFDNN,
  author    = {Jiawei Su and
               Danilo Vasconcellos Vargas and
               Kouichi Sakurai},
  title     = {One pixel attack for fooling deep neural networks},
  journal   = {CoRR},
  volume    = {abs/1710.08864},
  year      = {2017},
  url       = {http://arxiv.org/abs/1710.08864},
  archivePrefix = {arXiv},
  eprint    = {1710.08864},
  timestamp = {Mon, 13 Aug 2018 16:46:37 +0200},
  biburl    = {https://dblp.org/rec/bib/journals/corr/abs-1710-08864},
  bibsource = {dblp computer science bibliography, https://dblp.org}
}

@article{Tramer:2017:STAE,
  author    = {Florian Tram{\`{e}}r and
               Nicolas Papernot and
               Ian J. Goodfellow and
               Dan Boneh and
               Patrick D. McDaniel},
  title     = {The Space of Transferable Adversarial Examples},
  journal   = {CoRR},
  volume    = {abs/1704.03453},
  year      = {2017},
  url       = {http://arxiv.org/abs/1704.03453},
  archivePrefix = {arXiv},
  eprint    = {1704.03453},
  timestamp = {Mon, 13 Aug 2018 16:47:25 +0200},
  biburl    = {https://dblp.org/rec/bib/journals/corr/TramerPGBM17},
  bibsource = {dblp computer science bibliography, https://dblp.org}
}

@inproceedings{Carlini:2017:AEANEDBTM,
 author = {Carlini, Nicholas and Wagner, David},
 title = {Adversarial Examples Are Not Easily Detected: Bypassing Ten Detection Methods},
 booktitle = {Proceedings of the 10th ACM Workshop on Artificial Intelligence and Security},
 series = {AISec '17},
 year = {2017},
 isbn = {978-1-4503-5202-4},
 location = {Dallas, Texas, USA},
 pages = {3--14},
 numpages = {12},
 url = {http://doi.acm.org/10.1145/3128572.3140444},
 doi = {10.1145/3128572.3140444},
 acmid = {3140444},
 publisher = {ACM},
 address = {New York, NY, USA},
} 

@article{Samangouei:2018:DGPCAAAUGM,
	author    = {Pouya Samangouei and
	Maya Kabkab and
	Rama Chellappa},
	title     = {Defense-GAN: Protecting Classifiers Against Adversarial Attacks Using
	Generative Models},
	journal   = {CoRR},
	volume    = {abs/1805.06605},
	year      = {2018},
	url       = {http://arxiv.org/abs/1805.06605},
	archivePrefix = {arXiv},
	eprint    = {1805.06605},
	timestamp = {Mon, 13 Aug 2018 16:46:17 +0200},
	biburl    = {https://dblp.org/rec/bib/journals/corr/abs-1805-06605},
	bibsource = {dblp computer science bibliography, https://dblp.org}
}

@article{Smith:2018:UMUAED,
	author    = {Lewis Smith and
	Yarin Gal},
	title     = {Understanding Measures of Uncertainty for Adversarial Example Detection},
	journal   = {CoRR},
	volume    = {abs/1803.08533},
	year      = {2018},
	url       = {http://arxiv.org/abs/1803.08533},
	archivePrefix = {arXiv},
	eprint    = {1803.08533},
	timestamp = {Thu, 12 Apr 2018 01:00:00 +0200},
	biburl    = {https://dblp.org/rec/bib/journals/corr/abs-1803-08533},
	bibsource = {dblp computer science bibliography, https://dblp.org}
}

@misc{Grubisic:2018:IPM,
	title = {Izvještaj: Parsevalove mreže},
	author = {Grubišić, Ivan},
	year = {2018},
	url = {https://github.com/Ivan1248/Parseval-networks/blob/master/report/izvjestaj.pdf}
}

@inproceedings{Zoph:2018:LTASIR,
	author    = {Barret Zoph and
	Vijay Vasudevan and
	Jonathon Shlens and
	Quoc V. Le},
	title     = {Learning Transferable Architectures for Scalable Image Recognition},
	booktitle = {2018 {IEEE} Conference on Computer Vision and Pattern Recognition,
	{CVPR} 2018, Salt Lake City, UT, USA, June 18-22, 2018},
	pages     = {8697--8710},
	year      = {2018},
	crossref  = {DBLP:conf/cvpr/2018},
	url       = {http://openaccess.thecvf.com/content\_cvpr\_2018/html/Zoph\_Learning\_Transferable\_Architectures\_CVPR\_2018\_paper.html},
	doi       = {10.1109/CVPR.2018.00907},
	timestamp = {Wed, 06 Feb 2019 10:30:33 +0100},
	biburl    = {https://dblp.org/rec/bib/conf/cvpr/ZophVSL18},
	bibsource = {dblp computer science bibliography, https://dblp.org}
}


@misc{Segvic:2018:DUUUKS,
	title = {Duboko učenje: Unatražno učenje konvolucijskih slojeva},
	author = {Šegvić, Siniša},
	year = {2018},
	url = {http://www.zemris.fer.hr/~ssegvic/du/du2convnet_bp.pdf}
}

@article{Xiang:2018:UDBDBNVS,
	author    = {Xiang Li and
	Shuo Chen and
	Xiaolin Hu and
	Jian Yang},
	title     = {Understanding the Disharmony between Dropout and Batch Normalization
	by Variance Shift},
	journal   = {CoRR},
	volume    = {abs/1801.05134},
	year      = {2018},
	url       = {http://arxiv.org/abs/1801.05134},
	archivePrefix = {arXiv},
	eprint    = {1801.05134},
	timestamp = {Wed, 23 May 2018 15:36:43 +0200},
	biburl    = {https://dblp.org/rec/bib/journals/corr/abs-1801-05134},
	bibsource = {dblp computer science bibliography, https://dblp.org}
}

@inproceedings{Sabokrou:2018:ALOCCND,
  author    = {Mohammad Sabokrou and
               Mohammad Khalooei and
               Mahmood Fathy and
               Ehsan Adeli},
  title     = {Adversarially Learned One-Class Classifier for Novelty Detection},
  booktitle = {{CVPR}},
  pages     = {3379--3388},
  publisher = {{IEEE} Computer Society},
  year      = {2018}
}

@inproceedings{Pidhorskyi:2018:GPNDAA,
  author    = {Stanislav Pidhorskyi and
               Ranya Almohsen and
               Gianfranco Doretto},
  title     = {Generative Probabilistic Novelty Detection with Adversarial Autoencoders},
  booktitle = {NeurIPS},
  pages     = {6823--6834},
  year      = {2018}
}

@InProceedings{Athalye:2018:OGGFSS,
  title = 	 {Obfuscated Gradients Give a False Sense of Security: Circumventing Defenses to Adversarial Examples},
  author = 	 {Athalye, Anish and Carlini, Nicholas and Wagner, David},
  booktitle = 	 {Proceedings of the 35th International Conference on Machine Learning},
  pages = 	 {274--283},
  year = 	 {2018},
  editor = 	 {Dy, Jennifer and Krause, Andreas},
  volume = 	 {80},
  series = 	 {Proceedings of Machine Learning Research},
  address = 	 {Stockholmsmässan, Stockholm Sweden},
  month = 	 {10--15 Jul},
  publisher = 	 {PMLR},
  pdf = 	 {http://proceedings.mlr.press/v80/athalye18a/athalye18a.pdf},
  url = 	 {http://proceedings.mlr.press/v80/athalye18a.html},
}

@misc{Tsipras:2018:RMBOA,
  added-at = {2019-05-16T10:55:55.000+0200},
  author = {Tsipras, Dimitris and Santurkar, Shibani and Engstrom, Logan and Turner, Alexander and Madry, Aleksander},
  biburl = {https://www.bibsonomy.org/bibtex/24dac6866dae344ab6968431afadb9acd/straybird321},
  description = {[1805.12152] Robustness May Be at Odds with Accuracy},
  interhash = {4874c477d0bf0d5cec3a928ebedc6f88},
  intrahash = {4dac6866dae344ab6968431afadb9acd},
  keywords = {Robustness adversarial},
  note = {cite arxiv:1805.12152},
  timestamp = {2019-05-16T10:55:55.000+0200},
  title = {Robustness May Be at Odds with Accuracy},
  url = {http://arxiv.org/abs/1805.12152},
  year = 2018
}

@inproceedings{Sinha:2018:CSDRPAT,
  author    = {Aman Sinha and
               Hongseok Namkoong and
               John C. Duchi},
  title     = {Certifying Some Distributional Robustness with Principled Adversarial
               Training},
  booktitle = {6th International Conference on Learning Representations, {ICLR} 2018,
               Vancouver, BC, Canada, April 30 - May 3, 2018, Conference Track Proceedings},
  year      = {2018},
  crossref  = {DBLP:conf/iclr/2018},
  url       = {https://openreview.net/forum?id=Hk6kPgZA-},
  timestamp = {Thu, 04 Apr 2019 13:20:09 +0200},
  biburl    = {https://dblp.org/rec/bib/conf/iclr/SinhaND18},
  bibsource = {dblp computer science bibliography, https://dblp.org}
}

@ARTICLE{Gal:2018:SCIMHNAETESBNN,
   author = {{Gal}, Y. and {Smith}, L.},
    title = "{Sufficient Conditions for Idealised Models to Have No Adversarial Examples: a Theoretical and Empirical Study with Bayesian Neural Networks}",
  journal = {ArXiv e-prints},
archivePrefix = "arXiv",
   eprint = {1806.00667},
 primaryClass = "stat.ML",
 keywords = {Statistics - Machine Learning, Computer Science - Learning},
     year = 2018,
    month = jun,
}

@article{Brown:2018:UAE,
  author    = {Tom B. Brown and
               Nicholas Carlini and
               Chiyuan Zhang and
               Catherine Olsson and
               Paul Francis Christiano and
               Ian J. Goodfellow},
  title     = {Unrestricted Adversarial Examples},
  journal   = {CoRR},
  volume    = {abs/1809.08352},
  year      = {2018},
  url       = {http://arxiv.org/abs/1809.08352},
  archivePrefix = {arXiv},
  eprint    = {1809.08352},
  timestamp = {Fri, 05 Oct 2018 01:00:00 +0200},
  biburl    = {https://dblp.org/rec/bib/journals/corr/abs-1809-08352},
  bibsource = {dblp computer science bibliography, https://dblp.org}
}

@article{Hendrycks:2019:BNNRCCP,
  author    = {Dan Hendrycks and
               Thomas G. Dietterich},
  title     = {Benchmarking Neural Network Robustness to Common Corruptions and Perturbations},
  journal   = {CoRR},
  volume    = {abs/1903.12261},
  year      = {2019},
  url       = {http://arxiv.org/abs/1903.12261},
  archivePrefix = {arXiv},
  eprint    = {1903.12261},
  timestamp = {Tue, 02 Apr 2019 12:29:45 +0200},
  biburl    = {https://dblp.org/rec/bib/journals/corr/abs-1903-12261},
  bibsource = {dblp computer science bibliography, https://dblp.org}
}

@inproceedings{Uesato:2018:ARDEAWA,
  author    = {Jonathan Uesato and
               Brendan O'Donoghue and
               Pushmeet Kohli and
               A{\"{a}}ron van den Oord},
  title     = {Adversarial Risk and the Dangers of Evaluating Against Weak Attacks},
  booktitle = {Proceedings of the 35th International Conference on Machine Learning,
               {ICML} 2018, Stockholmsm{\"{a}}ssan, Stockholm, Sweden, July
               10-15, 2018},
  pages     = {5032--5041},
  year      = {2018},
  url       = {http://proceedings.mlr.press/v80/uesato18a.html},
  timestamp = {Wed, 03 Apr 2019 18:17:30 +0200},
  biburl    = {https://dblp.org/rec/bib/conf/icml/UesatoOKO18},
  bibsource = {dblp computer science bibliography, https://dblp.org}
}

@article{Serban:2018:AECCP,
  author    = {Alexandru Constantin Serban and
               Erik Poll},
  title     = {Adversarial Examples - {A} Complete Characterisation of the Phenomenon},
  journal   = {CoRR},
  volume    = {abs/1810.01185},
  year      = {2018},
  url       = {http://arxiv.org/abs/1810.01185},
  archivePrefix = {arXiv},
  eprint    = {1810.01185},
  timestamp = {Tue, 30 Oct 2018 10:49:09 +0100},
  biburl    = {https://dblp.org/rec/bib/journals/corr/abs-1810-01185},
  bibsource = {dblp computer science bibliography, https://dblp.org}
}


@article{Schott:2018:TDFARNNMM,
	author    = {Lukas Schott and
	Jonas Rauber and
	Matthias Bethge and
	Wieland Brendel},
	title     = {Towards the first adversarially robust neural network model on MNIST},
	journal   = {CoRR},
	volume    = {abs/1805.09190},
	year      = {2018},
	url       = {http://arxiv.org/abs/1805.09190},
	archivePrefix = {arXiv},
	eprint    = {1805.09190},
	timestamp = {Mon, 13 Aug 2018 16:48:26 +0200},
	biburl    = {https://dblp.org/rec/bib/journals/corr/abs-1805-09190},
	bibsource = {dblp computer science bibliography, https://dblp.org}
}

@article{Jacobsen:2019:EEICNBAR,
	author    = {J{\"{o}}rn{-}Henrik Jacobsen and
	Jens Behrmann and
	Nicholas Carlini and
	Florian Tram{\`{e}}r and
	Nicolas Papernot},
	title     = {Exploiting Excessive Invariance caused by Norm-Bounded Adversarial
	Robustness},
	journal   = {CoRR},
	volume    = {abs/1903.10484},
	year      = {2019},
	url       = {http://arxiv.org/abs/1903.10484},
	archivePrefix = {arXiv},
	eprint    = {1903.10484},
	timestamp = {Mon, 01 Apr 2019 01:00:00 +0200},
	biburl    = {https://dblp.org/rec/bib/journals/corr/abs-1903-10484},
	bibsource = {dblp computer science bibliography, https://dblp.org}
}


@InProceedings{Cohen:2019:CARRS,
	title = 	 {Certified Adversarial Robustness via Randomized Smoothing},
	author = 	 {Cohen, Jeremy and Rosenfeld, Elan and Kolter, Zico},
	booktitle = 	 {Proceedings of the 36th International Conference on Machine Learning},
	pages = 	 {1310--1320},
	year = 	 {2019},
	editor = 	 {Chaudhuri, Kamalika and Salakhutdinov, Ruslan},
	volume = 	 {97},
	series = 	 {Proceedings of Machine Learning Research},
	address = 	 {Long Beach, California, USA},
	month = 	 {09--15 Jun},
	publisher = 	 {PMLR},
	pdf = 	 {http://proceedings.mlr.press/v97/cohen19c/cohen19c.pdf},
	url = 	 {http://proceedings.mlr.press/v97/cohen19c.html},
}

@inproceedings{Gilmer:2018:AS,
	author    = {Justin Gilmer and
	Luke Metz and
	Fartash Faghri and
	Samuel S. Schoenholz and
	Maithra Raghu and
	Martin Wattenberg and
	Ian J. Goodfellow},
	title     = {Adversarial Spheres},
	booktitle = {6th International Conference on Learning Representations, {ICLR} 2018,
	Vancouver, BC, Canada, April 30 - May 3, 2018, Workshop Track Proceedings},
	year      = {2018},
	crossref  = {DBLP:conf/iclr/2018w},
	url       = {https://openreview.net/forum?id=SkthlLkPf},
	timestamp = {Thu, 04 Apr 2019 13:20:09 +0200},
	biburl    = {https://dblp.org/rec/bib/conf/iclr/GilmerMFSRWG18},
	bibsource = {dblp computer science bibliography, https://dblp.org}
}

@INPROCEEDINGS{Kos:2018:AEGM, 
	author={J. {Kos} and I. {Fischer} and D. {Song}}, 
	booktitle={2018 IEEE Security and Privacy Workshops (SPW)}, 
	title={Adversarial Examples for Generative Models}, 
	year={2018}, 
	volume={}, 
	number={}, 
	pages={36-42}, 
	keywords={data models;image classification;image reconstruction;image representation;learning (artificial intelligence);neural net architecture;variational techniques;adversarial example;deep generative models;deep learning architectures;target generative model;target generative network;classification-based adversaries;input data distribution model;VAE-GAN architecture attacks;classifier;neural net architectures;Image reconstruction;Receivers;Training;Image coding;Decoding;Machine learning;Data models;Adversarial examples;generative models;vae;vae gan}, 
	doi={10.1109/SPW.2018.00014}, 
	ISSN={}, 
	month={May},
}

@inproceedings{Su:2018:IRTCOACSRDICM,
	author    = {Dong Su and
	Huan Zhang and
	Hongge Chen and
	Jinfeng Yi and
	Pin{-}Yu Chen and
	Yupeng Gao},
	title     = {Is Robustness the Cost of Accuracy? - {A} Comprehensive Study on the
	Robustness of 18 Deep Image Classification Models},
	booktitle = {Computer Vision - {ECCV} 2018 - 15th European Conference, Munich,
	Germany, September 8-14, 2018, Proceedings, Part {XII}},
	pages     = {644--661},
	year      = {2018},
	crossref  = {DBLP:conf/eccv/2018-12},
	url       = {https://doi.org/10.1007/978-3-030-01258-8\_39},
	doi       = {10.1007/978-3-030-01258-8\_39},
	timestamp = {Tue, 14 May 2019 10:00:45 +0200},
	biburl    = {https://dblp.org/rec/bib/conf/eccv/SuZCYCG18},
	bibsource = {dblp computer science bibliography, https://dblp.org}
}


@article{Qian:2018:L2NNN,
	author    = {Haifeng Qian and
	Mark N. Wegman},
	title     = {L2-Nonexpansive Neural Networks},
	journal   = {CoRR},
	volume    = {abs/1802.07896},
	year      = {2018},
	url       = {http://arxiv.org/abs/1802.07896},
	archivePrefix = {arXiv},
	eprint    = {1802.07896},
	timestamp = {Mon, 13 Aug 2018 01:00:00 +0200},
	biburl    = {https://dblp.org/rec/bib/journals/corr/abs-1802-07896},
	bibsource = {dblp computer science bibliography, https://dblp.org}
}

@article{Stutz:2018:DARG,
	author    = {David Stutz and
	Matthias Hein and
	Bernt Schiele},
	title     = {Disentangling Adversarial Robustness and Generalization},
	journal   = {CoRR},
	volume    = {abs/1812.00740},
	year      = {2018}
}


@article{Li:2019:AGCMRAA,
	author    = {Yingzhen Li},
	title     = {Are Generative Classifiers More Robust to Adversarial Attacks?},
	journal   = {CoRR},
	volume    = {abs/1802.06552},
	year      = {2018},
	url       = {http://arxiv.org/abs/1802.06552},
	archivePrefix = {arXiv},
	eprint    = {1802.06552},
	timestamp = {Mon, 13 Aug 2018 16:46:48 +0200},
	biburl    = {https://dblp.org/rec/bib/journals/corr/abs-1802-06552},
	bibsource = {dblp computer science bibliography, https://dblp.org}
}

@InProceedings{Gilmer:2019:AENCTEN,
	title = 	 {Adversarial Examples Are a Natural Consequence of Test Error in Noise},
	author = 	 {Gilmer, Justin and Ford, Nicolas and Carlini, Nicholas and Cubuk, Ekin},
	booktitle = 	 {Proceedings of the 36th International Conference on Machine Learning},
	pages = 	 {2280--2289},
	year = 	 {2019},
	editor = 	 {Chaudhuri, Kamalika and Salakhutdinov, Ruslan},
	volume = 	 {97},
	series = 	 {Proceedings of Machine Learning Research},
	address = 	 {Long Beach, California, USA},
	month = 	 {09--15 Jun},
	publisher = 	 {PMLR},
	pdf = 	 {http://proceedings.mlr.press/v97/gilmer19a/gilmer19a.pdf},
	url = 	 {http://proceedings.mlr.press/v97/gilmer19a.html},
}


@misc{Ilyas:2019:AENBTF,
	author = {Ilyas, Andrew and Santurkar, Shibani and Tsipras, Dimitris and Engstrom, Logan and Tran, Brandon and Madry, Aleksander},
	biburl = {https://www.bibsonomy.org/bibtex/24095d2997b8609d103717a6fc9192b93/straybird321},
	description = {[1905.02175] Adversarial Examples Are Not Bugs, They Are Features},
	interhash = {405ded46dc4b8b466f4dff15cee60ed1},
	intrahash = {4095d2997b8609d103717a6fc9192b93},
	keywords = {adversarial},
	note = {cite arxiv:1905.02175},
	timestamp = {2019-05-10T11:06:42.000+0200},
	title = {Adversarial Examples Are Not Bugs, They Are Features},
	url = {http://arxiv.org/abs/1905.02175},
	year = 2019
}

@article{Carlini:2019:OEAR,
	author    = {Nicholas Carlini and
	Anish Athalye and
	Nicolas Papernot and
	Wieland Brendel and
	Jonas Rauber and
	Dimitris Tsipras and
	Ian J. Goodfellow and
	Aleksander Madry and
	Alexey Kurakin},
	title     = {On Evaluating Adversarial Robustness},
	journal   = {CoRR},
	volume    = {abs/1902.06705},
	year      = {2019},
	url       = {http://arxiv.org/abs/1902.06705},
	archivePrefix = {arXiv},
	eprint    = {1902.06705},
	timestamp = {Tue, 21 May 2019 18:03:36 +0200},
	biburl    = {https://dblp.org/rec/bib/journals/corr/abs-1902-06705},
	bibsource = {dblp computer science bibliography, https://dblp.org}
}
